%%% Recommended source for BibTeX entries: https://dblp.org/

@article{ellison:2007,
  author    = {Nicole B. Ellison and Charles Steinfield and Cliff Lampe},
  title     = {The Benefits of Facebook ``Friends:'' Social Capital and College Students' Use of Online Social Network Sites},
  journal   = {Journal of Computer-Mediated Communication},
  volume    = {12},
  number    = {4},
  pages     = {1143--1168},
  year      = {2007},
  doi       = {10.1111/j.1083-6101.2007.00367.x}
}

@article{suler:2005,
  author    = {John Suler},
  title     = {The Online Disinhibition Effect},
  journal   = {Cyberpsychology \& Behavior},
  volume    = {7},
  number    = {3},
  pages     = {321--326},
  year      = {2005},
  doi       = {10.1089/1094931041291295}
}

@article{ernst:2024,
  author    = {Maximilian Ernst},
  title     = {Building a Mastodon Corpus for Conducting IR and NLP Experiments},
  pages     = {1--2},
  year      = {2024},
}

@misc{mastodon:docs,
  author = {{Mastodon gGmbH}},
  title     = {Mastodon Documentation},
  year      = {2025},
  url       = {https://docs.joinmastodon.org/},
  note      = {Accessed: 2025-03-04}
}

@article{unitary:unbiased,
  author    = {{Unitary AI}},
  title     = {Unbiased Detoxify Model: Reducing Bias in Toxicity Detection},
  journal   = {Hugging Face Model Hub},
  year      = {2025},
  url       = {https://huggingface.co/unitary/unbiased-toxic-roberta},
  note      = {Accessed: 2025-03-05}
}

@article{detoxify:medium,
  author    = {{Unitary AI}},
  title     = {How Well Can We Detoxify Comments Online?},
  journal   = {Medium},
  year      = {2025},
  url       = {https://medium.com/unitary/how-well-can-we-detoxify-comments-online-bfffe5f716d7},
  note      = {Accessed: 2025-03-05}
}